<?xml version="1.0" encoding="UTF-8"?>
<record xmlns="http://www.loc.gov/MARC21/slim">
  <leader>01730nam a2200397 a 4500</leader>
  <controlfield tag="001">3204213</controlfield>
  <controlfield tag="007">he amb---bbcp</controlfield>
  <controlfield tag="007">he bmb---baap</controlfield>
  <controlfield tag="008">821125s1872    qucbe   b     000 0 eng d</controlfield>
  <datafield tag="016" ind1=" " ind2=" ">
    <subfield code="a"> 826117422</subfield>
  </datafield>
  <datafield tag="020" ind1=" " ind2=" ">
    <subfield code="a">066513472X</subfield>
  </datafield>
  <datafield tag="040" ind1=" " ind2=" ">
    <subfield code="a">CaOOCIHM</subfield>
    <subfield code="b">eng</subfield>
    <subfield code="d">AEU</subfield>
  </datafield>
  <datafield tag="043" ind1=" " ind2=" ">
    <subfield code="a">n-cn---</subfield>
    <subfield code="a">n-cn-qu</subfield>
  </datafield>
  <datafield tag="082" ind1="0" ind2=" ">
    <subfield code="a">385.1065714</subfield>
    <subfield code="2">19</subfield>
  </datafield>
  <datafield tag="090" ind1=" " ind2=" ">
    <subfield code="a">FC 02 0203 no. 13472</subfield>
    <subfield code="b">AEU</subfield>
  </datafield>
  <datafield tag="100" ind1="1" ind2=" ">
    <subfield code="a">Seymour, Silas,</subfield>
    <subfield code="d">1817-1890</subfield>
  </datafield>
  <datafield tag="245" ind1="1" ind2="0">
    <subfield code="a">Report in relation to the past history, present condition and future prospects of the North Shore Railway of Canada</subfield>
    <subfield code="h">[microform] /</subfield>
    <subfield code="c">by Silas Seymour.</subfield>
  </datafield>
  <datafield tag="260" ind1=" " ind2=" ">
    <subfield code="a">[Québec? :</subfield>
    <subfield code="b">s.n.],</subfield>
    <subfield code="c">1872</subfield>
    <subfield code="e">(Québec :</subfield>
    <subfield code="f">A. Côté)</subfield>
  </datafield>
  <datafield tag="300" ind1=" " ind2=" ">
    <subfield code="a">2 microfiches (58 fr.) :</subfield>
    <subfield code="b">maps, plans.</subfield>
  </datafield>
  <datafield tag="490" ind1="1" ind2=" ">
    <subfield code="a">CIHM/ICMH Microfiche series = CIHM/ICMH collection de microfiches ;</subfield>
    <subfield code="v">no. 13472</subfield>
  </datafield>
  <datafield tag="500" ind1=" " ind2=" ">
    <subfield code="a">&quot;With an appendix.&quot;</subfield>
  </datafield>
  <datafield tag="500" ind1=" " ind2=" ">
    <subfield code="a">Tables.</subfield>
  </datafield>
  <datafield tag="533" ind1=" " ind2=" ">
    <subfield code="a">Filmed from a copy of the original publication held by the Library of the Public Archives of Canada.</subfield>
    <subfield code="b">Ottawa :</subfield>
    <subfield code="c">Canadian Institute for Historical Microreproductions,</subfield>
    <subfield code="d">1981.</subfield>
  </datafield>
  <datafield tag="534" ind1=" " ind2=" ">
    <subfield code="e">52, 24 p. : maps, plans ; 24 cm.</subfield>
  </datafield>
  <datafield tag="610" ind1="2" ind2="0">
    <subfield code="a">North Shore Railway Company</subfield>
    <subfield code="x">Economic aspects.</subfield>
  </datafield>
  <datafield tag="610" ind1="2" ind2="6">
    <subfield code="a">Compagnie du chemin de fer de la rive Nord</subfield>
    <subfield code="x">Aspect économique.</subfield>
  </datafield>
  <datafield tag="650" ind1=" " ind2="0">
    <subfield code="a">Railroads</subfield>
    <subfield code="z">Quebec (Province)</subfield>
    <subfield code="x">Maps.</subfield>
  </datafield>
  <datafield tag="650" ind1=" " ind2="0">
    <subfield code="a">Railroads</subfield>
    <subfield code="z">Canada</subfield>
    <subfield code="x">Maps.</subfield>
  </datafield>
  <datafield tag="650" ind1=" " ind2="0">
    <subfield code="a">Railroads</subfield>
    <subfield code="z">Quebec (Province)</subfield>
    <subfield code="x">Economic aspects.</subfield>
  </datafield>
  <datafield tag="650" ind1=" " ind2="6">
    <subfield code="a">Chemins de fer</subfield>
    <subfield code="z">Québec (Province)</subfield>
    <subfield code="x">Cartes.</subfield>
  </datafield>
  <datafield tag="650" ind1=" " ind2="6">
    <subfield code="a">Chemins de fer</subfield>
    <subfield code="z">Canada</subfield>
    <subfield code="x">Cartes.</subfield>
  </datafield>
  <datafield tag="650" ind1=" " ind2="6">
    <subfield code="a">Chemins de fer</subfield>
    <subfield code="z">Québec (Province)</subfield>
    <subfield code="x">Aspect économique.</subfield>
  </datafield>
  <datafield tag="830" ind1=" " ind2="0">
    <subfield code="a">CIHM/ICMH microfiche series ;</subfield>
    <subfield code="v">no. 13472</subfield>
  </datafield>
  <datafield tag="949" ind1=" " ind2=" ">
    <subfield code="h">UAHS-MF</subfield>
    <subfield code="z">CIHMMPRE</subfield>
  </datafield>
  <datafield tag="596" ind1=" " ind2=" ">
    <subfield code="a">43</subfield>
  </datafield>
  <datafield tag="926" ind1=" " ind2=" ">
    <subfield code="a">UAHSS</subfield>
    <subfield code="b">MICROFICHE</subfield>
    <subfield code="c">FC 02 0203 no. 13472</subfield>
    <subfield code="d">MICROFORM</subfield>
    <subfield code="f">1</subfield>
  </datafield>
</record>
